@misc{Collecti87:online,
author = {},
title = {{Collections.Set Module ({F}\#)}},
howpublished = {\url{{https://tinyurl.com/yasxmkk3}}},
month = {},
year = {},
note = {(Accessed on 11/05/2017)}
}

@misc{DataSet87:online,
author = {},
title = {{Data.Set}},
howpublished = {\url{https://hackage.haskell.org/package/containers-0.5.10.2/docs/Data-Set.html}},
month = {},
year = {},
note = {(Accessed on 11/05/2017)}
}

@misc{DataMap79:online,
author = {},
title = {{Data.Map}},
howpublished = {\url{https://hackage.haskell.org/package/containers-0.5.10.2/docs/Data-Map.html}},
month = {},
year = {},
note = {(Accessed on 11/05/2017)}
}

@misc{Collecti35:online,
author = {},
title = {Collections.Map Module (F\#)},
howpublished = {\url{https://tinyurl.com/y9flacr9}},
month = {},
year = {},
note = {(Accessed on 11/05/2017)}
}

@misc{FParsecD61:online,
author = {},
title = {FParsec Documentation},
howpublished = {\url{http://www.quanttec.com/fparsec/}},
month = {},
year = {},
note = {(Accessed on 11/19/2017)}
}

@misc{parsecMo75:online,
author = {},
title = {parsec: Monadic parser combinators},
howpublished = {\url{https://hackage.haskell.org/package/parsec}},
month = {},
year = {},
note = {(Accessed on 11/19/2017)}
}